@book{Caswell2001,
  author = {Caswell, H},
  issn = {0878930965},
  publisher = {Sunderland, Mass.: Sinauer Associates},
  title = {{Matrix population models: construction, analysis, and interpretation}},
  year = {2001}
}

@article{cormack1964,
  title={Estimates of survival from the sighting of marked animals},
  author={Cormack, Richard M},
  journal={Biometrika},
  volume={51},
  number={3/4},
  pages={429--438},
  year={1964},
  publisher={JSTOR}
}

@article{devalpine2017,
  title={Programming with models: writing statistical algorithms for general model structures with NIMBLE},
  author={{de Valpine}, Perry and Turek, Daniel and Paciorek, Christopher J and Anderson-Bergman, Clifford and Lang, Duncan Temple and Bodik, Rastislav},
  journal={Journal of Computational and Graphical Statistics},
  volume={26},
  number={2},
  pages={403--413},
  year={2017},
  publisher={Taylor \& Francis}
}

@Manual{nimbleR,
  title = {{NIMBLE}: {MCMC}, Particle Filtering, and Programmable Hierarchical Modeling},
  author = {Perry {de Valpine} and Christopher Paciorek and Daniel Turek and Nick Michaud and Cliff Anderson-Bergman and Fritz Obermeyer and Claudia {Wehrhahn Cortes} and Abel Rodr√¨guez and Duncan {Temple Lang} and Sally Paganin},
  url = {https://cran.r-project.org/package=nimble},
  year = {2021},
  version = {0.12.1},
  note = {{R} package version 0.12.1},
  doi = {10.5281/zenodo.1211190},
}

@article{gimenez2007,
  title={State-space modelling of data on marked individuals},
  author={Gimenez, Olivier and Rossi, Vivien and Choquet, R{\'e}mi and Dehais, Camille and Doris, Blaise and Varella, Hubert and Vila, Jean-Pierre and Pradel, Roger},
  journal={Ecological Modelling},
  volume={206},
  number={3-4},
  pages={431--438},
  year={2007},
  publisher={Elsevier}
}

@Misc{nimbleEcol,
  title = {{nimbleEcology}: Distributions for Ecological Models in {nimble}},
  author = {Benjamin R. Goldstein and Daniel Turek and Lauren Ponisio and Perry {de Valpine}},
  url = {https://cran.r-project.org/package=nimbleEcology},
  year = {2021},
  version = {0.4.1},
  note = {{R} package version 0.4.1},
}

@article{jolly1965,
  title={Explicit estimates from capture-recapture data with both death and immigration-stochastic model},
  author={Jolly, George M},
  journal={Biometrika},
  volume={52},
  number={1/2},
  pages={225--247},
  year={1965},
  publisher={JSTOR}
}

@book{kery2011,
  title={Bayesian population analysis using WinBUGS: a hierarchical perspective},
  author={K{\'e}ry, Marc and Schaub, Michael},
  year={2011},
  publisher={Academic Press}
}

@article{nater2020,
  title={Size-and stage-dependence in cause-specific mortality of migratory brown trout},
  author={Nater, Chlo{\'e} R and Vindenes, Yngvild and Aass, Per and Cole, Diana and Langangen, {\O}ystein and Moe, S Jannicke and Rustadbakken, Atle and Turek, Daniel and V{\o}llestad, Leif Asbj{\o}rn and Ergon, Torbj{\o}rn},
  journal={Journal of Animal Ecology},
  volume={89},
  number={9},
  pages={2122--2133},
  year={2020},
  publisher={Wiley Online Library}
}

@article{plard2019,
  title={Integrated population models: powerful methods to embed individual processes in population dynamics models},
  author={Plard, Floriane and Fay, R{\'e}mi and K{\'e}ry, Marc and Cohas, Aur{\'e}lie and Schaub, Michael},
  journal={Ecology},
  pages={e02715},
  year={2019},
  publisher={Wiley Online Library}
}

@book{schaub2021,
  title={Integrated population models: theory and ecological applications with R and JAGS},
  author={Schaub, Michael and Kery, Marc},
  year={2021},
  publisher={Academic Press}
}

@article{seber1965,
  title={A note on the multiple-recapture census},
  author={Seber, George AF},
  journal={Biometrika},
  volume={52},
  number={1/2},
  pages={249--259},
  year={1965},
  publisher={JSTOR}
}

@article{turek2016,
  title={Efficient Markov chain Monte Carlo sampling for hierarchical hidden Markov models},
  author={Turek, Daniel and {de Valpine}, Perry and Paciorek, Christopher J},
  journal={Environmental and ecological statistics},
  volume={23},
  number={4},
  pages={549--564},
  year={2016},
  publisher={Springer}
}

@Book{xie2015,
  title = {Dynamic Documents with {R} and knitr},
  author = {Yihui Xie},
  publisher = {Chapman and Hall/CRC},
  address = {Boca Raton, Florida},
  year = {2015},
  edition = {2nd},
  note = {ISBN 978-1498716963},
  url = {http://yihui.name/knitr/},
}

